../../bernaise_article/references.bib